@book{TeX,
 author = "奥村晴彦 and 黒木裕介",
 title = "『\LaTeXe 美文書作成入門』第7版",
 publisher = "技術評論社",
 year = "2017",
 note = "" }

 @misc{buturi,
   author       = {},
   title        = {物理のかぎしっぽ|表組み},
   howpublished = "\url{http://hooktail.org/computer/index.php?%C9%BD%C1%C8%A4%DF}",
   year         = {}
 }